@article{kishtawal2013,
    title = {{Enhancement of inland penetration of monsoon depressions in the Bay of Bengal due to prestorm ground wetness}},
    year = {2013},
    journal = {Water Resources Research},
    author = {Kishtawal, C M and Niyogi, Dev and Rajagopalan, Balaji and Rajeevan, M and Jaiswal, N and Mohanty, U C},
    number = {6},
    pages = {3589--3600},
    volume = {49},
    issn = {1944-7973}
}

@article{Tuleya1994,
    title = {{Tropical storm development and decay: Sensitivity to surface boundary conditions}},
    year = {1994},
    journal = {Monthly Weather Review},
    author = {Tuleya, Robert E},
    number = {2},
    pages = {291--304},
    volume = {122},
    issn = {1520-0493}
}

@article{Emanuel2008,
    title = {{A Hypothesis for the Redevelopment of Warm-Core Cyclones over Northern Australia*}},
    year = {2008},
    journal = {Monthly Weather Review},
    author = {Emanuel, Kerry and Callaghan, Jeff and Otto, Peter},
    number = {10},
    pages = {3863--3872},
    volume = {136},
    issn = {1520-0493}
}

@article{Gray1975,
    title = {{Relative humidity in tropical weather systems}},
    year = {1975},
    journal = {Monthly Weather Review},
    author = {Gray, William M and Ruprecht, Eberhard and Phelps, Ronald},
    number = {8},
    pages = {685--690},
    volume = {103},
    issn = {1520-0493}
}

@article{kishtawal2012,
    title = {{Sensitivity of inland decay of North Atlantic tropical cyclones to soil parameters}},
    year = {2012},
    journal = {Natural hazards},
    author = {Kishtawal, Chandra M and Niyogi, Dev and Kumar, Anil and Bozeman, Monica Laureano and Kellner, Olivia},
    number = {3},
    pages = {1527--1542},
    volume = {63},
    issn = {0921-030X}
}

@article{shen2002,
    title = {{A numerical investigation of land surface water on landfalling hurricanes}},
    year = {2002},
    journal = {Journal of the atmospheric sciences},
    author = {Shen, Weixing and Ginis, ISAAC and Tuleya, Robert E},
    number = {4},
    pages = {789--802},
    volume = {59},
    issn = {1520-0469}
}

@article{pielke2001,
    title = {{Influence of the spatial distribution of vegetation and soils on the prediction of cumulus convective rainfall}},
    year = {2001},
    journal = {Reviews of Geophysics},
    author = {Pielke, Roger A},
    number = {2},
    pages = {151--177},
    volume = {39},
    issn = {1944-9208}
}

@article{Halliwell2015,
    title = {{Idealized study of ocean impacts on tropical cyclone intensity forecasts}},
    year = {2015},
    journal = {Monthly Weather Review},
    author = {Halliwell Jr, G R and Gopalakrishnan, S and Marks, F and Willey, D},
    number = {4},
    pages = {1142--1165},
    volume = {143},
    issn = {0027-0644}
}

@article{Evans2011,
    title = {{Sensitivity in the overland reintensification of Tropical Cyclone Erin (2007) to near-surface soil moisture characteristics}},
    year = {2011},
    journal = {Monthly Weather Review},
    author = {Evans, Clark and Schumacher, Russ S and Galarneau Jr, Thomas J},
    number = {12},
    pages = {3848--3870},
    volume = {139},
    issn = {0027-0644}
}

@article{SteinnAlpert1993,
    title = {{Factor separation in numerical simulations}},
    year = {1993},
    journal = {Journal of the Atmospheric Sciences},
    author = {Stein, U and Alpert, PINHAS},
    number = {14},
    pages = {2107--2115},
    volume = {50},
    issn = {1520-0469}
}

@article{tuleya1978,
    title = {{A numerical simulation of the landfall of tropical cyclones}},
    year = {1978},
    journal = {Journal of the Atmospheric Sciences},
    author = {Tuleya, Robert E and Kurihara, Yoshio},
    number = {2},
    pages = {242--257},
    volume = {35},
    issn = {1520-0469}
}

@article{Gopal2013,
    title = {{A study of the impacts of vertical diffusion on the structure and intensity of the tropical cyclones using the high-resolution HWRF system}},
    year = {2013},
    journal = {Journal of the Atmospheric Sciences},
    author = {Gopalakrishnan, Sundararaman G and Marks Jr, Frank and Zhang, Jun A and Zhang, Xuejin and Bao, Jian-Wen and Tallapragada, Vijay},
    number = {2},
    pages = {524--541},
    volume = {70},
    issn = {0022-4928}
}

@techreport{HWRFdoc2014,
    title = {{Hurricane Weather Research and Forecasting (HWRF) model: 2011 scientific documentation}},
    year = {2011},
    booktitle = {Developmental Testbed Center},
    author = {Tallapragada, Vijay and Gopalakrishnan, Sundararaman and Liu, Qingfu and Marchok, Timothy and Sheinin, Dmitry and Tong, Mingjing and Trahan, Samuel and Tuleya, Robert},
    number = {August},
    pages = {1--81},
    url = {http://www.dtcenter.org/HurrWRF/users/docs/scientific{\_}documents/HWRFScientificDocumentation{\_}August2011.pdf},
    howpublished = {Developmental Testbed Center}
}

@article{kellner2012,
    title = {{The role of anomalous soil moisture on the inland reintensification of Tropical Storm Erin (2007)}},
    year = {2012},
    journal = {Natural hazards},
    author = {Kellner, Olivia and Niyogi, Dev and Lei, Ming and Kumar, Anil},
    number = {3},
    pages = {1573--1600},
    volume = {63},
    issn = {0921-030X}
}

@article{Anderson2013,
    title = {{Quantifying surface energy fluxes in the vicinity of inland-tracking tropical cyclones}},
    year = {2013},
    journal = {Journal of Applied Meteorology and Climatology},
    author = {Andersen, Theresa K and Radcliffe, David E and Shepherd, J Marshall},
    number = {12},
    pages = {2797--2808},
    volume = {52},
    issn = {1558-8424}
}

@article{Chang2009PossibleDepressions,
    title = {{Possible relation between land surface feedback and the post-landfall structure of monsoon depressions}},
    year = {2009},
    journal = {Geophysical Research Letters},
    author = {Chang, Hsin I. and Niyogi, Dev and Kumar, Anil and Kishtawal, C. M. and Dudhia, Jimy and Chen, Fei and Mohanty, U. C. and Shepherd, Marshall},
    number = {15},
    volume = {36},
    isbn = {0094-8276},
    doi = {10.1029/2009GL037781},
    issn = {00948276}
}